<?xml version="1.0" encoding="UTF-8"?><collection xmlns="http://www.loc.gov/MARC21/slim"><record><leader>00513nam--2200181-i-4500</leader><controlfield tag="001">000005226</controlfield><controlfield tag="002">20161230</controlfield><controlfield tag="005">20161230201026</controlfield><controlfield tag="008">060222s1000------------r-----000-0-fre-d</controlfield><datafield ind1=" " ind2=" " tag="040"><subfield code="a">IFIN-HH</subfield></datafield><datafield ind1=" " ind2=" " tag="041"><subfield code="a">fre</subfield></datafield><datafield ind1=" " ind2=" " tag="080"><subfield code="a">533.7:537.525.6+539.27</subfield></datafield><datafield ind1="1" ind2=" " tag="100"><subfield code="a">Bayet, Michel</subfield></datafield><datafield ind1="1" ind2="0" tag="245"><subfield code="a">Physique electronique des gaz et des solides</subfield><subfield code="b">Preface du professeur y. rocard</subfield><subfield code="c">Michel bayet</subfield></datafield><datafield ind1=" " ind2=" " tag="260"><subfield code="a">Paris</subfield><subfield code="b">Masson Et C-ie Editeurs</subfield><subfield code="c">1958</subfield></datafield><datafield ind1=" " ind2=" " tag="300"><subfield code="a">246 P</subfield></datafield><datafield ind1=" " ind2=" " tag="852"><subfield code="a">11487</subfield><subfield code="c">537.52</subfield></datafield><datafield ind1=" " ind2=" " tag="CAT"><subfield code="a">Sys</subfield><subfield code="c">20110803</subfield><subfield code="h">132647</subfield></datafield></record></collection>